<record><leader>00000cas a2200000 a 4500</leader><controlfield tag="001">8727030</controlfield><controlfield tag="007">hd afu---buca</controlfield><controlfield tag="008">820827c18449999ohuwr n a     0   a0eng c</controlfield><datafield ind1=" " ind2=" " tag="010"><subfield code="a">sc 82006814 </subfield></datafield><datafield ind1=" " ind2=" " tag="040"><subfield code="a">HLS</subfield><subfield code="b">eng</subfield><subfield code="c">HLS</subfield><subfield code="d">HUL</subfield><subfield code="d">DLC</subfield><subfield code="d">VA@</subfield><subfield code="d">OCLCQ</subfield><subfield code="d">OCLCF</subfield><subfield code="d">OCLCO</subfield><subfield code="d">OCLCQ</subfield></datafield><datafield ind1=" " ind2=" " tag="012"><subfield code="a">2</subfield></datafield><datafield ind1=" " ind2=" " tag="042"><subfield code="a">pcc</subfield></datafield><datafield ind1=" " ind2=" " tag="043"><subfield code="a">n-us-ms</subfield></datafield><datafield ind1="0" ind2="4" tag="245"><subfield code="a">The Hinds County gazette.</subfield></datafield><datafield ind1=" " ind2=" " tag="260"><subfield code="a">Raymond, Miss. :</subfield><subfield code="b">Harper &amp; Ward</subfield></datafield><datafield ind1=" " ind2=" " tag="300"><subfield code="a">volumes</subfield></datafield><datafield ind1=" " ind2=" " tag="310"><subfield code="a">Weekly</subfield></datafield><datafield ind1=" " ind2=" " tag="336"><subfield code="a">text</subfield><subfield code="b">txt</subfield><subfield code="2">rdacontent</subfield></datafield><datafield ind1=" " ind2=" " tag="337"><subfield code="a">microform</subfield><subfield code="b">h</subfield><subfield code="2">rdamedia</subfield></datafield><datafield ind1=" " ind2=" " tag="338"><subfield code="a">microfilm reel</subfield><subfield code="b">hd</subfield><subfield code="2">rdacarrier</subfield></datafield><datafield ind1="1" ind2=" " tag="362"><subfield code="a">Began in 1844.</subfield><subfield code="z">Cf. Union list of newspapers.</subfield></datafield><datafield ind1=" " ind2=" " tag="588"><subfield code="a">Description based on: Apr. 19, 1854; title from caption.</subfield></datafield><datafield ind1=" " ind2=" " tag="533"><subfield code="a">Microfilm.</subfield><subfield code="b">Wooster, Ohio :</subfield><subfield code="c">Bell &amp; Howell,</subfield><subfield code="d">[1982?-</subfield><subfield code="e">microfilm reels ; 4 in., 35 mm.</subfield></datafield><datafield ind1=" " ind2="0" tag="651"><subfield code="a">Hinds County (Miss.)</subfield><subfield code="v">Newspapers.</subfield></datafield><datafield ind1=" " ind2="7" tag="651"><subfield code="a">Mississippi</subfield><subfield code="z">Hinds County.</subfield><subfield code="2">fast</subfield><subfield code="0">(OCoLC)fst01208481</subfield></datafield><datafield ind1=" " ind2="7" tag="655"><subfield code="a">Newspapers.</subfield><subfield code="2">fast</subfield><subfield code="0">(OCoLC)fst01423814</subfield></datafield><datafield ind1="0" ind2="0" tag="785"><subfield code="t">Raymond gazette</subfield></datafield><datafield ind1=" " ind2=" " tag="850"><subfield code="a">MH</subfield></datafield><datafield ind1="1" ind2=" " tag="029"><subfield code="a">AU@</subfield><subfield code="b">000025716521</subfield></datafield></record>